@article{NYT1,
  title={Life after Oil and gas},
  author={Elisabeth Rosenthal},
  journal={New York Times},
  year={2013},
  link={https://www.nytimes.com/2013/03/24/sunday-review/life-after-oil-and-gas.html?auth=login-email&login=email},
  publisher={New York Times}
},
@article{Algae,
  title={Algae fuels as an alternative to petroleum},
  author={Stephens. Evan},
  year={2017},
  link={https://researchonline.jcu.edu.au/30914/},
  journal={Journal of Petroleum & Environmental Biotechnology},
  doi={10.4172/2157-7463.1000148}
},
@article{Sweden,
  title={Making sweden an oil free society},
  author={Swedish Commission on Oil Independence},
  year={2006},
  link={https://www.government.se/information-material/2006/06/making-sweden-an-oil-free-society/},
  publisher={Swedish Energy Ministry}
},
@article{NYPlans,
  title={Stanford researcher maps out an alternative energy future for New York},
  author={Rob Jordan},
  journal={Stanford News},
  year={2013},
  link={https://news.stanford.edu/news/2013/march/new-york-energy-031213.html },
  publisher={Stanmford Univerity}
},
@article{Industies,
  title={Industrialised nations must lead an exit strategy for fossil fuels},
  author={Rainer Baake},
  journal={The guardian},
  year={2016},
  link={https://www.theguardian.com/environment/2016/mar/23/industrialised-nations-must-lead-an-exit-strategy-for-fossil-fuels},
  publisher={The Guardian}
},
@article{NYPlan2,
  title={New Yorks Sustainability anPl},
  author={Mark Z. Jacobson},
  journal={Energy Policy},
  year={2018},
  link={https://web.stanford.edu/group/efmh/jacobson/Articles/I/NewYorkWWSEnPolicy.pdf},
  publisher={Elsevier}
},
@incollection{WEO,
  author={Dr Fatih Birol},
  year={2018},
  title={World Energy Outlook},
  link={https://www.iea.org/reports/world-energy-outlook-2019},
  publisher={International Energy Outlook}
},
