@article{article1ReferenceName,
  title={},
  author={},
  journal={},
  volume={},
  number={},
  pages={},
  year={},
  publisher={},
  doi={}
},

@book{book1ReferenceName,
  title={},
  author={},
  isbn={},
  year={},
  publisher={}
},

@inbook{book1ChapterReferenceName,
  title={},
  author={},
  pages={},
  crossref = {book1ReferenceName}
},

@incollection{collectionReferenceName,
  author={},
  year={},
  title={},
  booktitle={},
  publisher={},
  edition={},
  pages={}
},

@inproceedings{conferenceProceedingsReferenceName,
  title={},
  author={},
  booktitle={},
  year={}
}